@article{fama1993common,
  title={Common risk factors in the returns on stocks and bonds},
  author={Fama, Eugene F and French, Kenneth R},
  journal={Journal of Financial Economics},
  volume={33},
  number={1},
  pages={3--56},
  year={1993},
  publisher={Elsevier}
}

@article{fama1973risk,
  title={Risk, return, and equilibrium: Empirical tests},
  author={Fama, Eugene F and MacBeth, James D},
  journal={Journal of Political Economy},
  volume={81},
  number={3},
  pages={607--636},
  year={1973},
  publisher={University of Chicago Press}
}

@article{banz1981relationship,
  title={The relationship between return and market value of common stocks},
  author={Banz, Rolf W},
  journal={Journal of Financial Economics},
  volume={9},
  number={1},
  pages={3--18},
  year={1981},
  publisher={Elsevier}
}

@article{reinganum1981misspecification,
  title={Misspecification of capital asset pricing: Empirical anomalies based on earnings yields and market values},
  author={Reinganum, Marc R},
  journal={Journal of Financial Economics},
  volume={9},
  number={1},
  pages={19--46},
  year={1981},
  publisher={Elsevier}
}

@article{fama2015five,
  title={A five-factor asset pricing model},
  author={Fama, Eugene F and French, Kenneth R},
  journal={Journal of Financial Economics},
  volume={116},
  number={1},
  pages={1--22},
  year={2015},
  publisher={Elsevier}
}

@article{carhart1997persistence,
  title={On persistence in mutual fund performance},
  author={Carhart, Mark M},
  journal={The Journal of Finance},
  volume={52},
  number={1},
  pages={57--82},
  year={1997},
  publisher={Wiley Online Library}
}

@article{newey1987simple,
  title={A simple, positive semi-definite, heteroskedasticity and autocorrelation consistent covariance matrix},
  author={Newey, Whitney K and West, Kenneth D},
  journal={Econometrica},
  volume={55},
  number={3},
  pages={703--708},
  year={1987},
  publisher={JSTOR}
}

@article{asness2013devil,
  title={The devil in HML's details},
  author={Asness, Clifford S and Frazzini, Andrea},
  journal={The Journal of Portfolio Management},
  volume={39},
  number={4},
  pages={49--68},
  year={2013},
  publisher={Institutional Investor Journals Umbrella}
}

@article{van2017size,
  title={Size matters everywhere: Decomposing the small firm and value premiums worldwide},
  author={Van Dijk, Mathijs A},
  journal={Journal of Financial Economics},
  volume={85},
  number={1},
  pages={89--119},
  year={2017},
  publisher={Elsevier}
}

@article{horowitz2000size,
  title={The size and book-to-market effects and the Fama-French three-factor model},
  author={Horowitz, Joel L and Loughran, Tim and Savin, Nathan E},
  journal={Journal of Empirical Finance},
  volume={7},
  number={3-4},
  pages={309--341},
  year={2000},
  publisher={Elsevier}
}

@article{keim1983size,
  title={Size-related anomalies and stock return seasonality: Further empirical evidence},
  author={Keim, Donald B},
  journal={Journal of Financial Economics},
  volume={12},
  number={1},
  pages={13--32},
  year={1983},
  publisher={Elsevier}
}

@article{roll1981possible,
  title={A possible explanation of the small firm effect},
  author={Roll, Richard},
  journal={The Journal of Finance},
  volume={36},
  number={4},
  pages={879--888},
  year={1981},
  publisher={Wiley Online Library}
}

@article{stoll1983transaction,
  title={Transaction costs and the small firm effect},
  author={Stoll, Hans R and Whaley, Robert E},
  journal={Journal of Financial Economics},
  volume={12},
  number={1},
  pages={57--79},
  year={1983},
  publisher={Elsevier}
}

@article{chan1991structural,
  title={Structural and return characteristics of small and large firms},
  author={Chan, K C and Chen, Nai-fu},
  journal={The Journal of Finance},
  volume={46},
  number={4},
  pages={1467--1484},
  year={1991},
  publisher={Wiley Online Library}
}

@article{dimson1988risk,
  title={Risk measurement when shares are subject to infrequent trading},
  author={Dimson, Elroy},
  journal={Journal of Financial Economics},
  volume={7},
  number={2},
  pages={197--226},
  year={1988},
  publisher={Elsevier}
}